<record><leader>00000cas a2200000 a 4500</leader><controlfield tag="001">33500707</controlfield><controlfield tag="008">951117c19uu9999flucn ne      0    0eng c</controlfield><datafield ind1=" " ind2=" " tag="010"><subfield code="a">sn 96027739 </subfield></datafield><datafield ind1=" " ind2=" " tag="040"><subfield code="a">FHM</subfield><subfield code="b">eng</subfield><subfield code="c">FHM</subfield><subfield code="d">FUG</subfield><subfield code="d">OCLCQ</subfield><subfield code="d">OCLCF</subfield><subfield code="d">OCLCO</subfield></datafield><datafield ind1=" " ind2=" " tag="012"><subfield code="i">9702</subfield></datafield><datafield ind1="1" ind2=" " tag="029"><subfield code="a">AU@</subfield><subfield code="b">000025921417</subfield></datafield><datafield ind1=" " ind2=" " tag="032"><subfield code="a">638000</subfield><subfield code="b">USPS</subfield></datafield><datafield ind1=" " ind2=" " tag="037"><subfield code="b">Add Inc. Publications, 1564 Kingsley Ave., Orange Park, FL 32073</subfield><subfield code="c">$73.83</subfield></datafield><datafield ind1=" " ind2=" " tag="042"><subfield code="a">pcc</subfield></datafield><datafield ind1=" " ind2=" " tag="043"><subfield code="a">n-us-fl</subfield></datafield><datafield ind1=" " ind2=" " tag="090"><subfield code="a">F317.C6</subfield><subfield code="b">C55</subfield></datafield><datafield ind1="0" ind2="0" tag="245"><subfield code="a">Clay today.</subfield></datafield><datafield ind1="1" ind2="3" tag="246"><subfield code="a">Today</subfield></datafield><datafield ind1=" " ind2=" " tag="260"><subfield code="a">Orange Park, FL :</subfield><subfield code="b">Clay Today</subfield></datafield><datafield ind1=" " ind2=" " tag="300"><subfield code="a">v. :</subfield><subfield code="b">ill. (some col.) ;</subfield><subfield code="c">36 cm.</subfield></datafield><datafield ind1=" " ind2=" " tag="310"><subfield code="a">Semiweekly (Wednesday and Friday, except Federal holidays),</subfield><subfield code="b">&lt;1996-1997&gt;</subfield></datafield><datafield ind1=" " ind2=" " tag="321"><subfield code="a">Daily (Tuesday-Saturday, except holidays),</subfield><subfield code="b">&lt;1995&gt;</subfield></datafield><datafield ind1=" " ind2=" " tag="500"><subfield code="a">"News you can use."</subfield></datafield><datafield ind1=" " ind2=" " tag="530"><subfield code="a">Also issued on microfilm from the University of Florida.</subfield></datafield><datafield ind1=" " ind2=" " tag="588"><subfield code="a">Description based on: Vol. 21, no. 21 (Jan. 18, 1994).</subfield></datafield><datafield ind1=" " ind2=" " tag="588"><subfield code="a">Latest issue consulted: Vol. 25, no. 16 (Feb. 21, 1997).</subfield></datafield><datafield ind1=" " ind2="0" tag="651"><subfield code="a">Orange Park (Fla.)</subfield><subfield code="v">Newspapers.</subfield></datafield><datafield ind1=" " ind2="0" tag="651"><subfield code="a">Clay County (Fla.)</subfield><subfield code="v">Newspapers.</subfield></datafield><datafield ind1=" " ind2="7" tag="655"><subfield code="a">Newspapers.</subfield><subfield code="2">fast</subfield><subfield code="0">(OCoLC)fst01423814</subfield></datafield><datafield ind1=" " ind2="7" tag="651"><subfield code="a">Florida</subfield><subfield code="z">Clay County.</subfield><subfield code="2">fast</subfield><subfield code="0">(OCoLC)fst01215457</subfield></datafield><datafield ind1=" " ind2="7" tag="651"><subfield code="a">Florida</subfield><subfield code="z">Orange Park.</subfield><subfield code="2">fast</subfield><subfield code="0">(OCoLC)fst01215469</subfield></datafield><datafield ind1=" " ind2=" " tag="752"><subfield code="a">United States</subfield><subfield code="b">Florida</subfield><subfield code="c">Clay</subfield><subfield code="d">Orange Park.</subfield></datafield><datafield ind1="1" ind2=" " tag="776"><subfield code="c">Microfilm</subfield><subfield code="d">George A. Smathers Libraries, University of Florida</subfield><subfield code="w">(DLC)sn 97027674</subfield><subfield code="w">(OCoLC)36441733</subfield></datafield><datafield ind1="0" ind2="5" tag="780"><subfield code="t">Clay County crescent</subfield><subfield code="g">1996</subfield><subfield code="w">(DLC)sn 95026712</subfield><subfield code="w">(OCoLC)33135451</subfield></datafield><datafield ind1=" " ind2=" " tag="850"><subfield code="a">FU</subfield></datafield></record>